ISA*00*          *00*          *ZZ*UHCOFAMERICA   *ZZ*RIVERVIEWFAM   *260531*1045*^*00501*000000001*0*P*:GS*HP*UHCOFAMERICA*RIVERVIEWFAM*20260531*1045*1*X*005010X221A1ST*835*0001BPR*I*48621.40*C*CHK************20260531TRN*1*835001234567*1234567890DTM*405*20260531N1*PR*UNITED HEALTHCARE OF AMERICA*XV*87726N3*PO BOX 740800N4*ATLANTA*GA*30374N1*PE*RIVERVIEW FAMILY MEDICINE*XX*1427384950N3*2840 RIVERSIDE DRIVE SUITE 100N4*RICHMOND*VA*23225LX*1CLP*CLM-2026-0001*1*320.00*256.00*0.00*12*UHCCLM100001*11*1NM1*QC*1*JOHNSON*MICHAEL*R***MI*UHC100001001NM1*82*1*PATEL*PRIYA*S*MD*MD*XX*1234567890DTM*232*20260501DTM*233*20260501AMT*AU*320.00SVC*HC:99214*320.00*256.00**1DTM*472*20260501CAS*CO*45*64.00AMT*AU*320.00LX*2CLP*CLM-2026-0002*4*285.00*0.00*0.00*12*UHCCLM100002*11*1NM1*QC*1*MARTINEZ*CARLOS*A***MI*UHC100002001NM1*82*1*PATEL*PRIYA*S*MD*MD*XX*1234567890DTM*232*20260503DTM*233*20260503AMT*AU*285.00SVC*HC:99214*285.00*0.00**1DTM*472*20260503CAS*CO*197*285.00AMT*AU*285.00LX*3CLP*CLM-2026-0003*4*310.00*0.00*0.00*12*UHCCLM100003*11*1NM1*QC*1*THOMPSON*SARAH*L***MI*UHC100003001NM1*82*1*PATEL*PRIYA*S*MD*MD*XX*1234567890DTM*232*20260505DTM*233*20260505AMT*AU*310.00SVC*HC:99215*310.00*0.00**1DTM*472*20260505CAS*CO*197*310.00AMT*AU*310.00LX*4CLP*CLM-2026-0004*1*245.00*196.00*49.00*12*UHCCLM100004*11*1NM1*QC*1*NGUYEN*DAVID*T***MI*UHC100004001NM1*82*1*CHEN*JAMES*W*MD*MD*XX*1345678901DTM*232*20260506DTM*233*20260506AMT*AU*245.00SVC*HC:99213*245.00*196.00**1DTM*472*20260506CAS*CO*45*49.00CAS*PR*2*24.50AMT*AU*245.00LX*5CLP*CLM-2026-0005*4*420.00*0.00*0.00*12*UHCCLM100005*11*1NM1*QC*1*ANDERSON*PATRICIA*M***MI*UHC100005001NM1*82*1*CHEN*JAMES*W*MD*MD*XX*1345678901DTM*232*20260507DTM*233*20260507AMT*AU*420.00SVC*HC:99215*420.00*0.00**1DTM*472*20260507CAS*CO*197*420.00AMT*AU*420.00LX*6CLP*CLM-2026-0006*1*185.00*148.00*37.00*12*UHCCLM100006*11*1NM1*QC*1*WILSON*ROBERT*J***MI*UHC100006001NM1*82*1*PATEL*PRIYA*S*MD*MD*XX*1234567890DTM*232*20260508DTM*233*20260508AMT*AU*185.00SVC*HC:99213*185.00*148.00**1DTM*472*20260508CAS*CO*45*37.00AMT*AU*185.00LX*7CLP*CLM-2026-0007*4*310.00*0.00*0.00*12*UHCCLM100007*11*1NM1*QC*1*DAVIS*JENNIFER*K***MI*UHC100007001NM1*82*1*RODRIGUEZ*ANA*L*MD*MD*XX*1456789012DTM*232*20260509DTM*233*20260509AMT*AU*310.00SVC*HC:99215*310.00*0.00**1DTM*472*20260509CAS*CO*50*310.00AMT*AU*310.00LX*8CLP*CLM-2026-0008*1*390.00*312.00*78.00*12*UHCCLM100008*11*1NM1*QC*1*BROWN*WILLIAM*H***MI*UHC100008001NM1*82*1*CHEN*JAMES*W*MD*MD*XX*1345678901DTM*232*20260512DTM*233*20260512AMT*AU*390.00SVC*HC:99215*320.00*256.00**1DTM*472*20260512CAS*CO*45*64.00SVC*HC:93000*70.00*56.00**1DTM*472*20260512CAS*CO*45*14.00AMT*AU*390.00LX*9CLP*CLM-2026-0009*4*295.00*0.00*0.00*12*UHCCLM100009*11*1NM1*QC*1*TAYLOR*LISA*M***MI*UHC100009001NM1*82*1*PATEL*PRIYA*S*MD*MD*XX*1234567890DTM*232*20260513DTM*233*20260513AMT*AU*295.00SVC*HC:99214*295.00*0.00**1DTM*472*20260513CAS*CO*29*295.00AMT*AU*295.00LX*10CLP*CLM-2026-0010*1*265.00*212.00*53.00*12*UHCCLM100010*11*1NM1*QC*1*MILLER*GEORGE*R***MI*UHC100010001NM1*82*1*RODRIGUEZ*ANA*L*MD*MD*XX*1456789012DTM*232*20260514DTM*233*20260514AMT*AU*265.00SVC*HC:99213*265.00*212.00**1DTM*472*20260514CAS*CO*45*53.00AMT*AU*265.00SE*95*0001GE*1*1IEA*1*000000001